@Book{valacich2012,
  author = 	 {Joseph S. Valacich and Joey F. George and Jeffrey A. Hoffer},
  title = 	 {Essentials of Systems Analysis and Design},
  publisher = 	 {Prentice-Hall},
  year = 	 2012,
  edition = 	 {fifth},
  note = {ISBN 978-0137067114}}

@Book{cs:app2,
  author = 	 {Randal Bryant and David O'Hallaron},
  title = 	 {Computer Systems: A Programmer's Perspective},
  publisher = 	 {Prentice-Hall},
  year = 	 2011,
  edition = 	 {second},
  note = 	 {ISBN 978-0-13-610804-7}}

@Book{cs:app3,
  author = 	 {Randal Bryant and David O'Hallaron},
  title = 	 {Computer Systems: A Programmer's Perspective},
  publisher = 	 {Pearson},
  year = 	 2015,
  edition = 	 {third},
  note = 	 {ISBN 978-0134092669}}
  
@Book{k&r,
  author = 	 {Brian Kernighan and Dennis Ritchie},
  title = 	 {The C Programming Language},
  publisher = 	 {Prentice-Hall},
  year = 	 1988,
  edition = 	 {second},
  note = 	 {ISBN 978-0-13-110362-7}}
